2209 3600
102 212 159 273 loe
417 230 485 269 eren
506 230 543 270 or
564 230 684 270 roscen.

102 424 148 482 17.
178 421 282 501 Joseplt
293 440 413 479 reserves
428 442 447 479 a
459 422 548 558 Pargs
555 421 645 558 ofltge
661 420 748 493 Cure,
761 418 851 478 wliclt
866 419 902 478 lte
916 417 1011 496 φιν·

455 520 515 558 war
563 521 592 558 se
630 546 636 558 .

140 620 286 697 losephus
299 619 481 696 perlustravit
495 638 596 678 omues
610 618 729 695 AEgypti
742 618 889 695 regiones,
905 628 936 675 et
957 636 1010 694 per

100 711 210 776 septem
235 718 325 756 annos
350 700 488 757 ubertatis
516 698 663 775 congessit
686 700 839 756 maximam
867 696 1008 754 frumenti

101 798 138 837 co
159 798 223 835 ram.
930 835 934 841 ,

137 798 250 914 beaute
260 867 303 914 est
314 856 412 931 inopia
423 867 531 932 septem
544 858 695 928 annorum,
704 865 734 913 et
744 853 774 913 in
787 855 858 915 orbe
868 854 1010 913 universo

101 936 191 993 fames
205 936 430 1013 ingravescebat.

141 1014 230 1072 Tunc
244 1015 384 1093 AEgyptii,
398 1033 471 1090 qnos
490 1014 641 1091 premebat
661 1024 783 1090 egestas,
805 1012 944 1070 adierunt
965 1031 1009 1069 re·

101 1092 193 1169 gem,⁰
206 1094 383 1170 postulantes
397 1095 503 1150 cibum.

140 1172 237 1233 Quosb
252 1173 364 1230 Pharao
378 1172 543 1229 remittebat
559 1171 593 1228 ad
608 1171 777 1246 losepbum.

141 1248 200 1307 Hic
228 1261 323 1309 autem
351 1250 461 1327 aperuit
488 1248 602 1321 horrea,
629 1260 657 1307 et
684 1248 828 1327 AEgyptiis
860 1246 1010 1305 frumenta

101 1330 238 1387 vendidit.

150 1508 195 1565 18.
223 1506 313 1567 Jacob
326 1505 408 1564 sends
422 1506 466 1563 tis
480 1505 553 1563 stes
567 1506 628 1563 into
642 1506 749 1582 Egypt
762 1514 791 1563 to
804 1506 862 1582 buy
875 1504 965 1563 Com.

141 1646 187 1703 Ex
207 1645 270 1703 aliis
290 1664 404 1721 quoque
424 1646 592 1723 regionibus
612 1646 837 1704 conveniebatur
851 1646 881 1703 in
895 1646 1009 1723 AEgyp-

101 1734 163 1783 tum
178 1725 213 1783 ad
227 1725 390 1783 emendam‘
407 1727 559 1782 annonam.

142 1803 253 1863 Eidem
280 1805 453 1863 necessitate
480 1804 647 1880 compulsus
673 1805 802 1862 lactibus
828 1805 906 1862 misit
933 1805 1008 1864 illuc

101 1883 175 1940 lilios
189 1903 264 1941 suos

141 1961 243 2036 Itaque
274 1961 396 2036 profecti
430 1973 497 2020 sunt
530 1961 631 2020 fratres
664 1962 803 2037 Josephi3
838 1961 888 2020 sed
921 1973 1008 2038 pater

101 2041 220 2098 retinuit
246 2041 325 2097 domi
351 2051 420 2098 natu
447 2041 609 2113 minimum,
636 2041 686 2116 qui
713 2043 869 2099 vocabatur
899 2041 1008 2118 Benja·

101 2121 222 2175 minus!

142 2196 281 2255 Timebat
294 2197 372 2254 enim
385 2217 422 2254 ne
436 2197 506 2272 quid
520 2199 588 2256 mali
602 2197 629 2256 ei
645 2199 791 2256 accideret
805 2200 834 2256 in
849 2199 962 2257 itinEre.

141 2274 329 2351 BenjamInns
343 2293 379 2332 ex
392 2275 494 2334 eisdem
508 2286 598 2335 matre
609 2287 693 2334 natus
705 2289 767 2335 erat
777 2279 834 2353 quei
847 2278 1006 2354 Josephus,
1087 2311 1097 2321 ι

102 2352 224 2431 ideoque
239 2353 266 2411 ei
280 2355 367 2432 longe
381 2355 476 2412 carior
490 2366 551 2440 erat
565 2354 652 2430 quiam
665 2357 756 2414 ceteri
771 2358 879 2415 fratres.

206 2555 251 2612 19.
271 2554 375 2629 Josept
383 2553 518 2631 pretends
533 2562 562 2611 to
576 2553 641 2612 take
656 2556 727 2613 tltem
732 2554 789 2631 for
803 2556 895 2632 Spies.

141 2691 251 2750 Decem
274 2693 383 2763 fratrem
398 2693 448 2748 ubi
463 2693 492 2749 in
506 2704 696 2769 conspectum
715 2694 836 2770 losephi
850 2699 1004 2771 venerunt,

102 2787 168 2827 eum
181 2771 265 2844 proni
280 2771 407 2829 venerbti
422 2782 496 2828 sunt.

142 2848 271 2923 Agnovit
285 2868 334 2906 eos
348 2850 366 2906 J
368 2849 504 2924 osephns,
518 2870 575 2908 nec
589 2850 650 2926 ipse
663 2862 706 2909 est
720 2856 854 2929 cognitus
868 2854 905 2910 ab
917 2854 984 2912 eis?

141 2925 246 2982 Noluit
269 2927 399 2986 indicare
424 2927 520 2987 statim
545 2929 609 3002 quis
633 2931 732 3000 essetf
745 2931 795 2988 sed
816 2950 866 2989 eos
884 2933 1006 2991 interro·

103 3004 337 3139 gillgtt’t’anquam
363 3005 490 3064 alienos:
523 3006 634 3063 “Unde
658 3009 785 3081 venistis,
806 3021 834 3067 et
855 3029 914 3085 qno
934 3029 1006 3069 con·

103 3102 117 3140 e
140 3102 149 3138 1

164 3219 230 3259 4407.
306 3218 369 3256 osee.
445 3221 507 3260 0⁴84.
583 3220 651 3259 1³71.
728 3225 794 3264 ⁶4³1.
865 3227 936 3273 ΗΠ.
