2209 3600
54 248 59 266 '
152 238 209 297 166
465 255 533 294 aras
556 256 593 295 os
614 256 735 295 sosares.

167 436 215 493 27.
236 432 340 510 Jorepls
353 432 448 491 orders
464 435 508 491 tis
525 434 637 570 Orgatrlrc
645 434 676 492 be
688 434 795 511 placed
805 434 836 491 in
850 434 1034 511 Benjamin’s

601 534 615 571 c
637 558 643 571 .

188 631 334 706 Josephus
354 631 413 689 lott
434 630 523 689 facie·
539 650 685 708 regressus
705 632 850 689 continuit
863 651 906 704 se,
922 644 954 690 et
972 634 1049 710 jussit

150 711 255 785 apponi
267 710 356 767 cibos.
393 710 473 767 Tum
485 711 630 767 distribuit
641 729 737 767 escam
749 711 910 785 unicuique
922 712 1047 769 fratrum*

149 790 284 858 suorum;
313 789 364 846 sed
389 808 455 871 pars
475 788 639 865 Benjamini
660 799 721 846 erat
740 789 832 846 multo
852 792 947 866 major
969 790 1047 867 qudm

149 877 319 925 ceterorum.

188 945 309 1003 Peracto
324 947 466 1019 convivio,
481 946 627 1023 Josephus
641 945 690 1003 dat
704 946 853 1023 negotium
874 946 1049 1023 dispensato-

147 1022 173 1079 ri
187 1034 219 1080 ut
235 1044 336 1083 saccos
356 1026 457 1082 eorum
478 1025 596 1100 impleat
616 1025 769 1096 frumento,
789 1026 949 1100 pecuniam
970 1027 1049 1085 simul

148 1105 276 1178 reponat,
292 1116 321 1161 et
335 1104 451 1179 insuper
471 1104 612 1180 scyphum
631 1123 716 1161 suum
737 1115 905 1181 argenteum
920 1105 953 1162 in
968 1124 1050 1163 sacco

148 1180 310 1258 Benjamini
325 1182 484 1239 recondat*

186 1260 241 1319 Illa
255 1260 324 1318 fecit
337 1260 489 1337 diligenter
503 1260 581 1335 quod
588 1260 689 1337 ⁴jussus
702 1261 804 1319 fuerat.

293 1438 342 1496 28.
368 1437 473 1513 Ioseph
486 1438 568 1495 sends
582 1438 613 1494 in
626 1438 755 1495 Pursait
768 1437 805 1514 of
820 1439 900 1497 them.

186 1572 303 1629 Fratres
316 1571 438 1647 Josaphi
457 1589 521 1628 sese
541 1570 573 1628 in
585 1571 662 1627 viam
682 1571 831 1643 dedorunt,
845 1572 976 1629 necdum
990 1592 1053 1649 pro·

147 1650 195 1709 cul
211 1651 246 1707 ab
261 1652 331 1707 urbe
346 1651 473 1707 abarana

186 1728 274 1786 Tunc
295 1728 441 1804 Josephus
465 1728 580 1785 vocavit
603 1728 827 1803 dispensatorem
852 1728 958 1787 domus
982 1750 1052 1803 sua,

146 1813 232 1883 eique
245 1807 335 1866 dixit:
357 1814 376 1840 “
389 1809 567 1883 Persequere
588 1808 674 1880 viros,
690 1817 718 1865 et
732 1827 820 1882 quum
834 1826 884 1865 eos
899 1815 1053 1868 assecutus

147 1887 261 1959 fuerint
277 1887 333 1943 illis
347 1887 455 1944 dicito:
481 1887 601 1950 ‘Quare
615 1886 749 1963 injuriam
768 1905 821 1962 pro
841 1887 989 1945 beneficio
1011 1908 1054 1946 ro-

146 1965 307 2041 pendistisi

187 2043 427 2119 ‘J‘Subripuistis
457 2045 597 2120 scyphum
629 2053 795 2120 argenteum
819 2041 887 2118 quo'
913 2044 1053 2104 dominus

146 2140 228 2179 meus
241 2125 349 2179 utitur:
371 2123 500 2197 improbe
517 2123 642 2180 fecistis!
655 2125 672 2150 ''

129 2232 131 2236 .
186 2199 375 2276 Dispensator
395 2201 531 2258 mandata
550 2200 673 2276 Josephi
685 2201 827 2276 perfecit;
850 2201 885 2258 ad
910 2219 962 2259 eos
982 2221 1052 2260 con·

140 2279 241 2350 ¹iestim
257 2278 416 2370 admiserim
438 2278 546 2335 furtum
567 2280 765 2355 exprobravit;
787 2280 830 2337 rei
844 2279 1052 2357 indignitatem

145 2368 288 2435 exposuit.

243 2517 291 2575 29.
327 2517 385 2574 tte
402 2516 466 2593 Oup
479 2517 505 2574 is
517 2515 619 2592 found
628 2518 661 2574 io
673 2516 851 2592 Benjmain’s
866 2514 954 2574 Sack.

185 2647 302 2704 Fratres
326 2646 447 2721 Josephi
471 2647 683 2721 responderunt
706 2646 914 2722 dispensatori:
936 2645 1048 2702 “Istud

146 2725 265 2781 sceleris
284 2724 371 2802 longe
393 2745 410 2782 a
430 2726 513 2782 nobis
535 2725 663 2782 alienum
683 2736 745 2783 est:
767 2743 829 2795 nos,
846 2736 876 2779 ut
895 2733 958 2780 tute
979 2724 1047 2795 scis,

146 2803 295 2860 retulimus
326 2804 402 2861 bonai
429 2804 499 2862 fides
524 2805 679 2880 pecuniam
707 2814 848 2877 repertam
876 2801 906 2857 in
934 2802 1046 2871 saoois;

145 2879 258 2936 tantum
271 2883 349 2940 abest
363 2893 394 2939 ut
409 2882 494 2940 furati
506 2883 596 2938 simus
610 2883 749 2956 scyphum
763 2880 873 2938 domini
886 2880 948 2936 tui:
973 2881 1046 2956 apud

146 2976 232 3033 quem
247 2957 352 3015 furtum
366 2960 576 3034 deprehensum
591 2961 687 3029 fucrit,
703 2959 727 3014 is
741 2969 831 3015 morte
846 2958 1033 3016 mulctetur?

187 3035 334 3092 Continuo
362 3057 463 3094 saccos
490 3039 638 3112 deponunt
666 3047 694 3092 et
722 3037 861 3110 aperiunt,
896 3055 969 3110 quos
999 3037 1046 3094 ille

146 3118 299 3182 scrutatus,
315 3113 424 3170 invonit
438 3117 577 3190 scyphum
592 3115 621 3170 in
636 3132 722 3170 sacco
737 3115 907 3190 Benjamini.

195 3265 264 3304 ⁶447.
339 3261 407 3300 5³27.
482 3265 549 3303 0494.
625 3264 694 3303 dm
770 3265 835 3304 0426.
905 3264 984 3312 1433.
