2209 3600
119 210 177 273 100
436 229 505 271 uren
525 229 564 269 or
581 229 702 269 tossen.

113 388 191 446 ¹quos
210 370 333 449 pistdres
353 369 446 429 solent
464 370 619 427 conticere.
660 369 741 427 Ecoe
762 379 856 427 autem
878 389 950 429 ares
973 371 1034 429 cir·

120 449 354 520 cumvolitibaut‚
369 458 397 507 et
417 448 499 506 cibos
518 448 584 505 illos
603 449 822 508 comedebant''

158 528 216 587 cai
230 528 392 603 Jouephus:
414 533 432 561 “
443 526 517 585 Haec
531 538 575 583 est
589 527 785 602 interpretatio
799 527 883 585 istius
895 529 1030 587 somnii:

119 606 175 665 tria
195 606 319 665 canistra
339 616 406 663 sunt
425 616 483 663 tres
503 606 576 677 dies,
593 604 712 681 quibus“
733 606 838 682 elapsis
856 607 976 665 Pharao
999 618 1029 665 te

120 684 202 743 feriet
222 686 327 795 securi,
355 695 384 742 et
409 684 511 761 affiget
532 685 566 741 ad
586 684 694 761 palum,
708 686 759 745 ubi
780 703 845 742 aves
864 697 1028 762 pascentur
1083 747 1088 802 ⁸

120 782 207 821 carne
221 763 298 821 tuti.’'
1086 821 1087 824 ,

199 941 244 999 12.
282 940 342 999 ἸῚιε
356 942 609 1019 Accomplisltment
622 941 660 1019 of
666 944 712 1001 tlte
725 951 778 1000 troo
792 942 927 1001 Dreoms.

158 1078 215 1136 Die
228 1079 322 1151 terti0,
337 1079 386 1155 qui
398 1079 460 1139 dies
469 1079 574 1140 natilis
584 1079 744 1138 Pharaonis
754 1090 825 1151 erat,
836 1079 1023 1155 splendidum

119 1158 281 1217 convivium
294 1156 465 1234 parandum‘
481 1158 542 1217 fuit.

157 1236 246 1297 Tunc
259 1256 310 1297 rex
323 1236 453 1295 meminit
469 1238 665 1297 ministrorum
685 1240 814 1309 suornm,
828 1237 878 1312 qui
892 1248 977 1295 erant
990 1238 1021 1296 in

118 1334 244 1375 carcere.

156 1395 297 1454 Restituit
310 1395 446 1470 praefecto
459 1394 664 1470 pincernarum
679 1396 741 1473 ejus
751 1414 855 1452 munus
863 1414 871 1465 3
894 1394 1020 1452 altimum

116 1474 183 1535 reid
205 1475 300 1535 securi
327 1493 494 1551 percussum
523 1475 672 1551 suspendit
700 1474 735 1532 ad
758 1474 864 1551 palum.
905 1472 953 1531 Ita
973 1491 1021 1530 res

116 1554 259 1612 somnium
273 1552 478 1629 comprobr'tvit.

155 1632 269 1691 Tamen
289 1632 441 1708 prefectus
460 1633 666 1707 pincernarum
679 1633 786 1691 oblitus
803 1642 847 1688 est
868 1630 1019 1707 Jost’ephi,d

115 1730 171 1769 nec
186 1710 264 1771 illins
277 1710 308 1771 in
321 1730 353 1769 se
366 1708 475 1771 meriti*
490 1712 659 1771 recordatus
672 1721 724 1769 est.

324 1909 369 1966 13.
394 1907 483 1986 King
495 1909 661 1968 Pderood's
674 1906 808 1968 Dreoms.

154 2044 224 2101 Post
237 2042 387 2101 biennium
400 2061 451 2101 rex
465 2044 526 2119 ipse
539 2043 640 2100 habuit
653 2044 805 2104 somnium.

154 2122 315 2180 videbitur
329 2122 384 2179 sibi
405 2122 517 2179 adstdre
531 2122 603 2179 Nilo
617 2122 728 2181 domiui
739 2121 765 2193 ;'
787 2133 816 2180 et
835 2141 908 2181 ecce
928 2142 1018 2184 emer·

116 2202 224 2280 gabant
244 2200 280 2258 de
301 2200 418 2257 flumine
435 2211 543 2275 septem
564 2221 661 2259 vaccae
680 2202 813 2279 pingues,
834 2221 898 2276 que
917 2223 1017 2278 pasce-

116 2282 219 2338 bantur
234 2280 264 2336 in
274 2279 387 2354 palude.
428 2278 543 2336 Deinde
554 2290 662 2354 septem
675 2281 737 2338 aliae
747 2300 843 2338 vacce
855 2282 1015 2340 macilente

115 2361 249 2420 exierunt
261 2377 298 2416 ex
310 2357 413 2416 eodem
427 2356 556 2430 flumine,
571 2378 634 2433 quae
648 2359 835 2417 devorarunt!
846 2360 965 2434 priores.

154 2439 266 2497 Pharao
296 2447 479 2514 experrectus
505 2454 619 2494 rursum
652 2437 796 2510 dormivit,
830 2448 860 2495 et
893 2439 1016 2498 alterum

115 2519 216 2576 habuit
229 2517 380 2576 somnium.
812 2521 824 2525 “

155 2598 273 2672 Septem
299 2596 386 2672 spice
410 2595 502 2672 plenre
529 2597 738 2653 cnascebantur
765 2596 795 2654 in
822 2592 881 2652 rino
909 2596 1013 2668 culmo,

117 2675 235 2750 aliaeque
256 2675 376 2733 tottdem
397 2673 486 2732 exiles
499 2675 733 2746 succrescebant,
754 2685 783 2733 et
802 2675 898 2750 spicas
916 2675 1014 2750 plenas

116 2755 334 2814 consumebant.

19 2973 20 2976 η
94 2955 95 2958 “
148 2929 194 2987 14.
228 2927 288 2986 The
303 2928 395 3005 oties
402 2929 508 2987 Butler
521 2929 622 3006 speaks
636 2928 674 3004 of
680 2930 784 3004 Ioseph
798 2939 827 2987 to
840 2931 885 2988 the
899 2930 993 3006 King.

155 3064 215 3124 Ubi
242 3041 344 3137 illuxit,
371 3066 483 3124 Pharao
509 3067 692 3142 perturbatus
719 3071 890 3126 convocirit
915 3088 1012 3129 omnes

174 3237 245 3276 aur.
319 3233 386 3272 ossa.
449 3235 515 3274 asso.
579 3233 648 3272 casn
723 3236 789 3275 econ.
847 3237 952 3284 soson.
