2209 3600
278 231 454 271 sxuacrsns.
464 247 506 257 —
515 231 712 288 accusamus,
726 216 788 274 duc.
925 215 983 275 143

413 381 469 428 See
484 383 649 429 ‹tlh-413.

372 529 465 588 Latin
478 529 539 587 into
552 530 691 605 English.

117 658 234 715 Codrus
248 676 279 715 se
293 657 322 714 in
337 659 461 715 medios⁰
476 659 596 716 immisit
609 659 713 716 hostes.

119 736 215 794 Proba
228 737 286 793 vita
299 737 345 793 via
358 748 401 794 est
415 737 445 794 in
460 738 574 795 coelum.

77 915 115 952 co
151 915 193 951 us.

116 914 156 1031 r'll
172 972 300 1030 Manlius
315 974 368 1030 fuit
380 974 586 1050 perindulgens
601 974 630 1031 iu
644 983 761 1050 patrem.

118 1051 229 1109 Milites
243 1052 368 1110 Caeshris
382 1053 436 1109 sub
450 1063 578 1110 montem
593 1053 763 1111 succedunt.

118 1130 268 1188 Miltisdes
294 1131 413 1202 insulas,
442 1152 504 1206 quae
535 1132 679 1207 Cyclhdes
705 1131 899 1205 nominantur,
926 1133 980 1190 sub

78 1209 303 1267 Atheniensium
317 1211 431 1286 redegit
444 1218 624 1286 potestatem.

118 1289 238 1359 Consul,
255 1308 330 1364 equo
351 1289 453 1347 οἰῑᾶῑοὁ
475 1290 572 1347 subter
597 1309 710 1348 murum
730 1290 856 1348 hostium
877 1290 913 1348 ad
933 1309 980 1348 co·

78 1369 177 1425 hortes
189 1369 344 1425 advehitur.

118 1446 201 1503 Plato
216 1448 403 1522 cupiditatem
418 1448 514 1506 subter
528 1447 717 1523 praecordiam
730 1448 845 1507 locavit.
931 1505 934 1511 ,

119 1524 211 1582 Dolor
227 1527 255 1582 in
270 1527 401 1583 maximis
415 1527 497 1583 malis
512 1527 634 1584 ducitur.

120 1606 198 1661 Aves
213 1606 342 1680 quaedam
356 1625 387 1662 se
401 1606 431 1662 iu
446 1606 517 1662 mari
531 1616 672 1682 mergunt.

119 1682 284 1741 Decemviri
297 1684 377 1760 leges
391 1684 421 1741 in
435 1684 591 1741 duodecim
606 1684 711 1743 tabulis
725 1685 910 1760 scripserunt.

120 1765 204 1839 Saepe
218 1773 261 1821 est
275 1763 360 1821 etiam
375 1764 429 1820 sub
441 1762 559 1839 palliolo
573 1763 689 1821 sordido
704 1763 850 1839 sapientia.

367 1952 496 2028 English
509 1953 570 2010 into
584 1953 685 2010 Latin.

79 2078 186 2135 Darius
200 2078 273 2134 built
294 2096 310 2133 a
327 2077 428 2153 bridge
442 2095 508 2134 over
549 2076 657 2134 Darius
676 2094 750 2151 pons
766 2075 863 2134 facio
856 2094 886 2133 ιιι
907 2076 980 2136 Ister

118 2157 203 2214 the
182 2175 256 2213 river
269 2156 350 2213 Ister.
589 2152 718 2212 flumen.

79 2236 187 2294 Verres
207 2236 278 2292 used
304 2244 335 2291 to
361 2235 433 2291 have
454 2253 509 2292 one
548 2234 655 2292 Verres
667 2252 775 2292 corona
785 2234 893 2292 habeor
905 2253 979 2293 unus

119 2314 238 2392 garland
264 2332 339 2389 upon
361 2314 404 2369 his
425 2313 507 2383 head,
588 2313 726 2388 iucaput‚
739 2313 977 2372 alterincollum.

121 2393 239 2451 another
253 2411 331 2467 upon
345 2391 390 2447 his
403 2392 487 2448 neck

80 2473 177 2531 Caesar
199 2469 358 2547 compelled
375 2469 423 2525 the
444 2488 509 2527 ene-
548 2470 646 2529 Caesar
684 2470 774 2527 hostis
801 2470 854 2527 sub
881 2480 1000 2528 murus'

119 2571 166 2627 my
186 2561 217 2609 to
237 2550 297 2607 halt
317 2548 441 2605 beneath
460 2548 510 2605 the
590 2548 717 2605 consisto
731 2559 813 2625 cogo'

122 2630 193 2687 wall.

82 2709 110 2764 A
122 2708 217 2765 drawn
229 2707 323 2765 sword
337 2705 429 2782 hangs
443 2724 510 2763 over
550 2705 713 2763 Destrictus
732 2704 809 2763 ensis
830 2718 914 2780 super
928 2705 983 2767 im·.

123 2785 194 2865 (his)
206 2787 329 2862 impious
341 2786 428 2843 neck.
587 2785 652 2859 pius
679 2782 786 2841 cervix⁰
798 2784 919 2859 pendeo.

81 2865 182 2923 Youth
202 2866 289 2941 easily
303 2864 351 2922 fall
372 2865 433 2922 into
454 2864 509 2921 dis-
548 2862 649 2921 Facile
679 2863 708 2920 in
737 2863 854 2919 morbus
880 2864 978 2922 incido

120 2962 208 3002 eases.
590 2943 764 3000 adolescens

80 3024 179 3082 Caesar
197 3020 343 3079 withdrew
357 3023 402 3080 his
416 3022 509 3079 forces
549 3022 643 3097 Copia
664 3040 732 3078 suus
746 3021 871 3080 Caesar'
864 3042 893 3079 m
914 3038 978 3098 pro·

120 3112 151 3161 to
164 3101 213 3158 the
227 3110 340 3157 nearest
352 3097 411 3159 hill
587 3102 650 3177 pior
665 3100 747 3158 collis
758 3101 897 3159 subduco.

80 3200 959 3228 „...-.-...„—....-..-..-....

152 3270 224 3315 asso.
323 3268 438 3339 ‘⁴⁴⁷¹‘
511 3267 579 3314 asu.
684 3264 752 3314 ³237.
852 3268 912 3311 tabl·
