2209 3600
333 628 549 689 unumne
581 628 791 692 mssoNs.

415 874 701 887 Q

262 1067 366 1127 THE
399 1068 516 1127 LIFE
550 1068 613 1127 OF
647 1067 857 1129 JOSEPH.

358 1268 384 1326 l.
404 1266 532 1344 Josepla’s
549 1267 716 1329 Oltildltocd.

148 1407 277 1466 Jacdbns
303 1406 404 1464 habuit
437 1406 594 1464 duodecim
626 1407 711 1479 filios,
746 1407 821 1464 inter
848 1425 921 1481 quos
949 1419 1015 1465 erat
1080 1389 1084 1395 ⁹

109 1484 265 1563 Josephns,
287 1505 372 1561 quem
392 1492 473 1593 pater
487 1486 627 1563 diligebat
638 1505 697 1561 prae
718 1485 825 1544 ceteris
837 1486 914 1558 filiis,
935 1485 1015 1561 qudd

108 1566 157 1623 hic
185 1576 269 1623 natus
294 1575 353 1623 erat
375 1564 443 1640 ipsi‘*
465 1564 496 1621 in
517 1564 579 1641 ejus
599 1569 758 1638 senectute,
779 1575 808 1623 et
835 1563 903 1648 huic
931 1566 1013 1623 dedit

109 1656 206 1721 togam
219 1644 430 1702 versicolorem.

140 1696 247 1785 t'Qnmn
268 1724 306 1780 ob
325 1741 442 1779 causam
463 1721 609 1799 Josephns
629 1732 690 1779 erat
710 1722 820 1781 invisus
839 1721 900 1780 suis
920 1723 1013 1781 fratri·

108 1800 185 1873 bus‚⁶
200 1803 357 1879 praesertim
370 1812 520 1878 postquam
535 1800 660 1859 narravit
681 1803 723 1860 eis
737 1802 842 1879 duplex
855 1803 1011 1876 somnium,

109 1881 178 1957 quo*
194 1881 290 1940 sutura
304 1881 364 1957 ejus
378 1881 548 1958 magnitudo
561 1881 793 1957 portendebatur.

149 1960 295 2018 onerante
316 1960 397 2017 illum
417 1961 578 2036 tantopore,
600 1964 711 2017 utnon
737 1959 866 2036 possent'
889 1979 956 2018 cum
974 1980 1011 2020 eo

110 2037 204 2097 amice
217 2039 305 2113 loqui.

395 2195 423 2254 2.
443 2195 572 2273 Josepb's
587 2196 720 2255 Dreams.

150 2331 224 2389 Haec
246 2347 334 2408 porro
357 2339 439 2388 erant
461 2329 583 2406 Josephi
609 2332 730 2390 somnia
772 2331 1006 2410 “Ligaba'amus,”

111 2411 213 2488 inquit,
245 2409 358 2467 “simul
391 2408 584 2484 manipulos
577 2429 607 2467 m
632 2430 720 2488 agro:
753 2429 824 2470 ecce
840 2379 1008 2487 manipulis

109 2509 191 2548 meus
211 2491 348 2567 surgebat
362 2499 390 2547 et
412 2489 504 2546 stabat
520 2499 633 2559 rectus3
653 2491 741 2548 vestri
762 2500 856 2548 antem
870 2491 1007 2568 manipuli

109 2569 329 2628 circumstantes
343 2569 551 2626 venerabantur
566 2587 670 2627 meum.

149 2648 284 2706 “Postea
307 2647 396 2705 vidi'
390 2667 419 2704 m
443 2646 551 2704 somnis
572 2647 672 2722 solem,
691 2647 799 2754 lunam,
822 2659 851 2708 et
871 2649 1006 2707 undecim

109 2726 206 2785 stellas
221 2728 371 2784 adorantes
386 2727 476 2783 me.’'f

149 2805 206 2862 Cui
221 2805 320 2862 fratres
348 2804 602 2882 responderunt,‘
605 2805 773 2867 ‘Quorsum
800 2818 932 2898 spectant
954 2807 1006 2867 ista

109 2882 242 2943 somniat
274 2883 353 3017 Num
377 2894 408 2942 tu
433 2883 490 2942 eris
510 2901 561 2942 rex
573 2886 691 2942 noster?
720 2883 801 2943 Num
821 2884 1005 2963 subjiciemur

110 2958 229 3020 ditioni‘
244 2963 320 3017 tunt
341 2963 348 2990 ’
