2209 3600
129 197 185 258 lta
363 216 793 256 Exnn018n8.-hccUSAT1vtt.

506 366 560 415 See
575 366 647 412 410.

424 513 516 570 Latin
529 514 590 570 into
603 512 741 587 English.

168 641 331 701 Ariovistus
346 642 382 698 ad
396 642 542 700 Caeshrem
556 641 667 720 legitos
681 640 776 698 mittit.

167 721 259 779 Pauci
273 721 391 778 veniunt
406 721 441 778 ad
455 725 642 778 senectutem.

167 800 378 876 NeoptohEmus
393 800 467 875 apud
482 799 678 875 Lycomedem
693 809 754 856 erat
767 798 917 859 educatus

167 882 284 936 Atticus
298 879 426 954 sepultus
439 889 483 936 est
493 879 575 955 juxta
586 879 663 935 uiam
677 877 811 953 Appiam.

167 958 256 1015 Rosae
272 958 382 1034 fulgent
396 958 469 1014 inter
482 957 552 1015 lilia.

168 1035 222 1094 Est
236 1038 338 1114 ingens
351 1036 478 1114 gelidum
492 1036 576 1093 lucus
590 1054 679 1111 prope
696 1054 817 1095 amnem.

167 1117 220 1172 Vir
234 1117 327 1172 bonus
338 1116 472 1172 virtutem
485 1133 535 1189 per
550 1134 581 1172 se
597 1126 680 1172 arnat.

169 1193 266 1253 Caesar
279 1194 457 1251 Divitihcum
473 1194 508 1250 ad
523 1212 554 1251 se
568 1195 666 1251 vocari
678 1194 767 1270 jubet.

168 1274 262 1349 Prope
276 1273 420 1330 Calendas
434 1273 558 1329 Sextiles
571 1283 641 1347 puto
657 1272 716 1330 rne⁶
732 1272 886 1331 Laodiceae
898 1271 983 1331 sore.l

167 1351 353 1410 Democritus
374 1369 491 1407 causam
518 1351 652 1426 explicat,
674 1370 725 1409 cur
747 1361 813 1408 ante
838 1352 934 1408 lucem
961 1352 1033 1429 galli

129 1429 256 1489 canant?

168 1510 406 1606 Vergasillaunus
419 1520 484 1584 post
498 1518 626 1566 montem
640 1529 671 1566 se
685 1509 850 1567 occultavit.

168 1589 249 1647 Pone
264 1599 376 1646 montes
389 1589 529 1663 Riphaeos
550 1606 621 1665 gens
640 1588 718 1665 degit
733 1588 810 1660 felix,
832 1607 904 1664 quos
919 1589 1032 1666 Hyper·

129 1669 235 1726 boreos
250 1668 452 1744 appellavere.l

168 1747 308 1806 Amicitia
321 1757 364 1806 est
377 1765 427 1823 per
442 1765 473 1805 se
487 1755 515 1805 et
528 1755 644 1823 propter
658 1764 690 1804 se
703 1744 883 1823 expetenda·

421 1935 551 2011 English
565 1935 625 1993 into
639 1936 741 1993 Latin.

129 2065 218 2124 Thou
232 2067 306 2124 shalt
319 2087 372 2142 sup
386 2066 455 2123 with
469 2084 523 2123 me,
600 2064 650 2121 Tu
665 2064 739 2139 apud
753 2083 808 2142 ego
822 2085 914 2124 coeno.

129 2144 197 2203 The
222 2145 390 2203 Helvetians
410 2145 480 2202 send
502 2163 559 2201 am·
602 2142 729 2200 Helvetii
746 2143 859 2221 legatus
874 2145 909 2201 ad
929 2145 954 2203 is
967 2146 1030 2205 mit·

168 2224 318 2281 bassadors
332 2234 361 2280 to
375 2224 443 2280 him.
640 2232 679 2278 to.
953 2239 956 2246 ·

129 2302 270 2361 Lentulus
280 2303 337 2360 had
352 2301 481 2359 watched
492 2319 561 2359 con·
601 2298 742 2358 Lentulus
773 2312 876 2378 praeter
910 2322 1030 2363 consue-

168 2392 244 2457 trary
258 2392 288 2439 to
303 2380 375 2460 (his)
392 2390 512 2437 custom.
639 2380 710 2437 tudo
724 2381 819 2457 vigilo.

129 2460 196 2519 The
221 2462 301 2519 earth
327 2472 409 2519 turns
436 2458 517 2517 itsels
533 2479 560 2516 a·
600 2457 694 2516 Terra
705 2460 815 2516 circum
830 2461 1029 2519 axissuisum·

168 2541 260 2597 round
271 2540 335 2620 (its)
347 2538 484 2597 axiswith
492 2557 559 2614 very
639 2558 702 2596 mus
717 2540 848 2597 celeritas
862 2557 1006 2599 converto.

168 2631 248 2694 great
261 2620 393 2695 velocity.

130 2695 219 2771 Many
242 2718 258 2755 a
284 2698 382 2755 victim
410 2696 481 2753 shall
510 2696 558 2754 fall
600 2695 711 2753 Multus
734 2703 780 2753 tus
801 2708 866 2755 ante
887 2717 936 2765 ara
955 2699 1026 2756 cado

169 2776 267 2833 before
280 2777 329 2852 thy
345 2776 423 2833 altar.
638 2774 739 2831 hostia.

129 2849 161 2909 Is
170 2852 206 2909 he
221 2854 245 2909 is
260 2855 346 2912 about
366 2854 415 2912 the
436 2854 557 2924 market,
600 2852 632 2909 Si
654 2853 728 2927 apud
753 2853 846 2911 sorum
866 2874 939 2927 sum,
961 2874 1025 2913 cou-

168 2929 183 2986 Ι
197 2930 268 2987 shall
282 2943 358 2989 meet
373 2931 469 3011 (him).
638 2930 730 2987 venio.

129 3008 196 3067 The
206 3007 342 3066 Tuscans
352 3021 416 3067 sent
429 3010 558 3067 colonies
598 3007 716 3065 Tuscus
743 3020 821 3067 trans
854 3014 1023 3087 Apenninus

168 3086 282 3162 beyond
296 3085 345 3143 the
359 3090 536 3161 Apennines.
639 3087 754 3144 colonia
767 3090 858 3146 mitto.

165 3256 235 3295 essii,
285 3254 365 3304 Hm.
415 3255 482 3293 0474.
532 3254 742 3302 reupptynamtnes.
798 3255 864 3293 04⁸2
924 3256 991 3302 sm.
