2209 3600
263 233 744 291 uxurrcrsrrs.-rrrr1uuucrrous,
764 219 826 277 &c
938 219 996 275 155

291 385 346 431 see
367 386 438 443 370,
458 386 531 443 418,
546 385 620 443 420,
634 385 707 443 49³,
722 386 795 431 494.

380 532 473 590 Latin
493 534 554 590 into
567 531 706 607 English.

130 664 160 722 Ο
174 664 215 722 vir
231 664 311 721 fortis
327 674 411 738 atque
427 662 556 720 amicus!

131 744 159 801 Ο
174 743 264 814 Dave,
281 744 359 800 itcne
373 753 542 800 contemnor
558 740 668 797 abste!

130 823 159 880 0
174 823 306 879 sallr'rcem
321 822 467 878 hominum
483 839 573 895 spem,
588 818 776 896 fragilemque
795 818 949 891 fortunam,
963 828 993 876 et

88 901 193 959 inr'rnes
208 912 319 958 nostras
333 898 554 957 contentitines!

129 980 199 1037 Heu
212 983 322 1036 vanitas
336 979 480 1036 humina!

131 1058 198 1116 Heu
213 1058 374 1115 miserande
387 1076 457 1133 puer
470 1058 476 1113 l

129 1137 198 1195 Heu
213 1156 259 1194 me
274 1136 435 1194 infelicem!

129 1216 211 1273 Ecce
224 1235 299 1273 nova
311 1216 396 1272 turba
411 1226 495 1289 atque
508 1216 587 1273 rixa!

129 1295 210 1352 Ecce
224 1295 362 1352 miserum
376 1294 538 1352 hominem!

130 1374 285 1432 Excudant
300 1373 347 1430 alii
361 1372 498 1448 spirantia
512 1372 627 1431 mollius
641 1393 705 1433 aera.

129 1451 193 1513 Qui
207 1450 281 1509 bene
295 1451 387 1523 latuit,
403 1450 477 1508 bene
492 1452 572 1510 vixit.

131 1530 224 1587 Furor
239 1541 266 1588 et
280 1531 323 1587 ira
335 1530 514 1607 praecipitant
529 1535 663 1590 animum.

131 1609 246 1667 Patrem
259 1619 340 1666 tuum
356 1610 443 1682 colui,
459 1621 487 1667 et
500 1610 596 1668 dilexi.

119 1688 177 1758 ¹Eu
191 1688 289 1745 videre
303 1707 337 1745 ac
350 1690 515 1765 perspiclrre
528 1690 657 1764 potestis.

132 1765 208 1825 Cum
224 1767 390 1826 accessisset
404 1772 556 1844 castrique
568 1771 699 1845 poneret.

317 1947 318 1952 ἵ
363 1956 509 2050 ¹English
529 1957 590 2014 into
603 1958 705 2016 Latin.

91 2086 120 2144 Ο
134 2086 201 2162 holy
215 2085 346 2162 Jupiter!
562 2086 620 2144 Pro
631 2098 747 2145 sanctus
758 2089 870 2164 Jupiter
880 2087 902 2147 1⁰
917 2140 919 2144 ,

93 2166 163 2222 Alas
177 2166 311 2240 unhappy
325 2165 417 2222 maid!
563 2166 613 2223 Ah
627 2166 707 2244 virgo
721 2167 839 2225 infelix!

92 2244 120 2301 Ο
134 2244 278 2301 wretched
293 2244 357 2300 mel
562 2243 591 2302 Ο
605 2264 660 2322 ego
673 2247 800 2321 perditus
810 2246 829 2304 p

92 2323 120 2379 Ο
134 2323 219 2379 hated
233 2322 319 2379 racel
563 2323 631 2381 Heu
646 2325 730 2400 stirps
744 2326 852 2383 invisus
864 2325 884 2382 p

8 2445 9 2448 η
93 2401 176 2477 They
191 2401 300 2477 greatly
314 2401 375 2458 errl
562 2401 616 2460 Ille
629 2403 812 2461 vehementer
826 2423 899 2461 erro.

93 2481 133 2537 So
156 2481 281 2538 Calchas
302 2480 453 2554 interprets
473 2481 522 2538 the
562 2480 608 2538 Ita
621 2482 723 2557 digero
737 2501 822 2539 omen
836 2482 968 2540 Calchas.

93 2577 274 2696 Folliletlirsries
294 2637 316 2696 it
343 2637 463 2713 stopped
484 2657 522 2696 on
562 2637 675 2699 Quater
696 2639 757 2714 ipse
777 2638 807 2696 in
820 2638 909 2697 limen
928 2659 992 2716 por·

131 2716 179 2773 the
192 2737 259 2794 very
270 2716 418 2775 threshold
429 2716 464 2773 of
472 2717 522 2774 the
601 2726 631 2772 ta
644 2718 776 2775 subsisto.

96 2805 339 2950 srilllligardless
353 2894 396 2933 we
409 2874 520 2950 persist.
562 2873 642 2931 Insto
656 2885 752 2932 tamen
766 2875 925 2935 immemor.

94 2952 129 3010 In
138 2952 186 3009 the
195 2972 277 3011 mean
286 2955 365 3027 time,
376 2955 426 3012 the
439 2956 522 3012 heav-
562 2952 665 3011 Verto⁶
679 2954 789 3025 interea
802 2955 929 3014 caelum.⁰¹

132 3051 183 3088 ens
197 3033 317 3091 revolve.

94 3110 149 3169 We
164 3129 211 3168 ure
225 3111 291 3169 dust
306 3113 361 3169 and
374 3113 470 3172 shade.
562 3112 660 3170 Pulvis
673 3124 702 3171 et
715 3114 817 3172 umbra
830 3133 902 3171 sum.

202 3293 274 3324 avoc.
399 3284 410 3322 b
423 3293 468 3325 acc.
593 3297 603 3325 c
615 3295 671 3336 pass.
797 3285 810 3325 d
822 3284 877 3335 sing.
