2209 3600
365 279 762 329 exspersus-armatus
958 260 1013 318 151

496 428 552 476 'ee
572 428 641 475 ³60.

403 576 496 634 Latin
509 577 570 634 into
584 575 721 652 English.

154 705 411 781 Litterasexpecto
427 726 497 781 quas
511 706 659 782 scripsisti.

154 784 183 841 Is
199 788 308 842 amicus
319 795 370 856 est,
386 786 434 860 qui
446 784 526 860 juvat
539 786 570 843 in
584 787 670 843 rebus
685 785 816 845 adversis.

154 863 251 921 Tutus
265 863 312 920 ille
326 882 384 921 non
399 873 451 935 est,
466 883 552 938 quem
566 883 667 921 omnes
681 864 813 923 oderunt.

153 941 289 1018 Ingritus
303 952 345 1000 est
359 943 455 1014 horno,
471 942 519 1016 qui
533 962 592 1000 non
607 943 780 1001 beneficium
793 943 895 1003 reddit

154 1021 251 1078 Solem
266 1040 282 1078 e
296 1022 404 1079 mundo
424 1022 538 1093 tollunt,
554 1022 604 1095 qui
625 1022 780 1079 amicitiam
798 1023 886 1081 evitat
899 1022 1013 1083 tollunt.

152 1099 315 1175 Pompeius,
329 1100 378 1175 qui
390 1121 406 1157 a
417 1101 533 1158 castre
544 1101 638 1157 victus
648 1111 701 1171 est,
713 1101 786 1178 sugit
800 1102 835 1159 ad
846 1102 1012 1179 AEgyptum.

153 1178 232 1235 Civis
244 1189 287 1236 est
302 1180 335 1250 is,
351 1179 399 1253 qui
413 1179 535 1254 patriam
549 1198 631 1236 suam
645 1179 747 1256 diligit.

152 1257 262 1315 Omnes
276 1277 381 1329 causoe,
397 1277 467 1333 quas
481 1260 700 1329 commemoras,
712 1258 876 1334 justissimae
890 1275 965 1317 sunt.

152 1336 275 1393 Flumen
290 1346 333 1394 est
347 1337 432 1409 Arar,
448 1336 524 1410 quod
539 1336 570 1394 in
584 1336 763 1394 Rhodanum
778 1336 879 1395 influit.

151 1414 237 1485 Urbs,
252 1434 337 1489 quam
351 1415 497 1473 Romirlus
512 1416 652 1486 condidit,
667 1417 823 1474 vocabatur
837 1414 942 1474 Roma.

153 1494 217 1550 Scit
231 1494 264 1564 is,
279 1494 328 1569 qui
342 1494 428 1551 estin
443 1494 580 1565 concilio,
595 1494 629 1551 C.
645 1494 810 1552 Marcellus.

153 1572 295 1630 Conshles
316 1573 351 1630 ad
372 1576 620 1645 mexercitum,
635 1592 720 1648 quem
741 1574 771 1630 in
785 1573 894 1649 Apulis
914 1573 1012 1645 habui,

113 1654 261 1708 venerunt

401 1843 531 1920 English
547 1846 608 1902 into
622 1845 724 1903 Latin.

114 1972 161 2029 He
183 1972 207 2029 is
234 1973 327 2049 happy
354 1973 449 2030 whom
475 1972 542 2030 God
583 1973 667 2030 Felix
686 1993 760 2044 sum,
781 1973 831 2049 qui
849 1973 931 2031 Deus
950 1973 1013 2030 dili·

113 2051 348 2187 Tllllraena
361 2129 542 2208 rightwhroh
582 2071 668 2189 odii
694 2131 742 2203 fio,
771 2132 820 2206 qur
844 2131 918 2188 aena
940 2132 1011 2204 fero,

153 2209 177 2266 is
191 2208 253 2266 well
269 2210 366 2266 borne.
623 2229 704 2268 onus.

116 2287 221 2345 Where
231 2306 278 2344 are
289 2287 371 2344 those
379 2287 475 2345 whom
485 2307 542 2364 you
583 2288 640 2347 Ubi
660 2308 725 2347 sum
745 2289 779 2361 is,
794 2290 844 2364 qui
864 2289 951 2346 miser
971 2289 1013 2346 di-

152 2366 207 2423 call
221 2364 393 2423 miscrablel
623 2370 679 2425 col

112 2446 190 2520 Why
218 2443 298 2501 arnI
325 2444 485 2519 compelled
511 2456 541 2502 to
582 2446 643 2504 Cur
657 2453 774 2503 senatus
788 2464 872 2522 cogo,
888 2446 937 2520 qui
953 2445 1012 2503 lau·

152 2542 273 2581 censure
289 2523 338 2580 the
359 2532 466 2593 senate,
481 2523 542 2580 that
621 2525 658 2580 dc
677 2543 799 2601 semper,
813 2524 1011 2600 reprehendol

151 2601 167 2660 I
181 2603 252 2659 have
265 2602 368 2676 always
379 2601 542 2658 commend-

116 2699 169 2815 Hee
169 2682 207 2848 (ld
215 2761 300 2817 breve
320 2759 385 2816 who
400 2776 541 2832 conquers
582 2757 678 2817 Fortis
692 2779 765 2831 sum,
783 2757 832 2834 qui
845 2761 889 2817 sui
903 2761 997 2819 vinco.

115 2835 273 2972 Tldlcnllrsrlrlrf
276 2917 371 2974 which
379 2916 430 2973 has
440 2917 542 2991 passed
584 2916 675 2988 Hora,
702 2917 751 2992 qui
776 2927 924 2992 praetereo,
952 2937 1011 2977 non

154 3003 260 3050 cannot
273 3006 378 3056 return.
397 3029 399 3032 -
621 2997 708 3054 redeo
721 3015 846 3072 possum.

115 3073 198 3132 Iam
213 3070 367 3146 Miltiades,
388 3074 453 3130 who
473 3093 541 3132 con·
582 3075 647 3152 Ego
680 3095 743 3132 sum
776 3073 936 3148 Miltihdes,
961 3075 1010 3151 qui

154 3149 467 3228 queredthePersians
620 3153 714 3214 Perse
728 3151 821 3212 vinco.
