2209 3600
21 226 22 253 r
114 236 171 297 150
361 256 536 295 nxnucrsss.
548 256 757 295 -suus‘rrvn

384 405 439 453 see
454 351 610 452 441--444
625 403 655 452 dc
670 405 741 452 446.

394 552 488 610 Latin
508 552 570 609 into
583 550 720 626 English.

150 681 276 741 Athenis
289 691 318 740 et
331 681 541 739 Lacedaemdne
555 680 695 738 nunciata
708 689 752 738 est
764 679 895 738 victorie„

151 760 315 818 Alexander
330 760 479 836 Babylone
492 769 623 815 mortuus
636 767 688 816 est.

151 839 252 897 Cumis
266 839 362 901 sedem
376 839 466 915 figere
480 836 612 896 destinat.

150 917 294 975 Leonidas
308 938 375 975 cum
389 917 481 992 copiis
495 916 615 975 delectis
629 915 836 993 Thermopylis
849 914 966 974 interiit.

150 996 307 1072 Dionysius
320 997 472 1054 Plutonem
486 995 614 1053 Athenis
629 994 784 1053 arcessivit

150 1074 258 1132 Multus
272 1074 407 1151 epistolas
416 1074 514 1131 Romi
529 1074 640 1150 accepi.

149 1152 233 1211 Philo
246 1155 333 1211 domo
346 1153 483 1230 profugit,
499 1152 697 1227 Romamque*
711 1150 798 1210 venit

149 1232 237 1290 Forte
253 1233 349 1291 evenit
363 1243 394 1289 ut
407 1232 467 1288 ruri
481 1236 619 1289 essemus.

149 1310 253 1368 Omnis
267 1312 355 1369 humo
370 1311 460 1367 fumat
472 1309 623 1385 Neptunia
635 1309 734 1387 Trojn

150 1390 254 1447 SidEre
266 1390 413 1465 pulchrior
428 1389 476 1447 ille
490 1398 542 1446 est

148 1468 231 1529 Quid
246 1469 336 1545 magis
350 1478 393 1525 est
402 1468 509 1527 ¹durum
524 1486 603 1539 saxo,
617 1468 687 1543 quid
701 1467 817 1526 mollius
829 1467 929 1526 undd'l

149 1545 178 1603 Ο
193 1548 256 1604 lons
270 1547 423 1604 Bandusiae
437 1546 613 1622 splendidior
626 1547 716 1604 vitro!

149 1625 220 1686 Quo
234 1626 298 1700 quis
312 1625 466 1697 indoctior,
480 1644 516 1683 eo
530 1625 732 1701 impudentior.

149 1704 220 1766 Quo
232 1703 297 1780 plus
310 1704 426 1776 hubent,
440 1723 476 1762 eo
488 1705 553 1781 plus
567 1705 695 1780 cupiunt.

394 1892 523 1970 English
543 1894 604 1951 into
618 1894 720 1951 Latin.

111 2023 239 2100 Atticus²
248 2024 298 2082 the
308 2024 401 2082 friend
412 2025 447 2082 of
455 2025 540 2084 Cice-
579 2026 697 2082 Atticus
713 2024 821 2081 Cicero
837 2029 947 2083 amicus
961 2025 1012 2083 diu

149 2102 282 2237 pp,hlired
303 2104 408 2182 along
427 2104 540 2162 timeat
619 2103 745 2160 Atht'mae
758 2104 831 2161 viro.

179 2191 270 2240 tens,

111 2258 313 2336 Hippocrates,
334 2263 407 2319 born
429 2271 457 2318 ct
470 2260 540 2318 Car·
580 2258 1013 2335 Hippocrlrtes‚natusCarthsi-

149 2340 245 2416 thage,
267 2359 325 2398 was
352 2361 388 2398 an
411 2339 539 2397 eminent
618 2357 666 2415 go,
689 2358 753 2396 sum
773 2339 896 2416 insignis
921 2340 1013 2398 medi·

148 2418 306 2493 physiciun.
619 2436 679 2474 cus.

111 2495 208 2554 Caesar
235 2498 340 2557 retired
360 2498 433 2555 from
454 2494 540 2554 Alex·
580 2496 678 2555 Cesar
691 2496 801 2572 recipio
819 2497 864 2554 sui
885 2497 1013 2556 Alexan-

151 2575 257 2632 endria.
619 2576 689 2633 driu„

111 2651 273 2727 AEschines‚
296 2655 384 2732 being
405 2652 540 2711 condem·
580 2654 734 2713 AEschines
748 2655 901 2713 domnulus
918 2655 1013 2724 Athe·

149 2731 215 2803 ned,
250 2733 301 2792 lest
325 2734 447 2804 Athens,
484 2733 539 2790 and
619 2752 664 2790 noe
679 2733 761 2804 cedo,
776 2743 805 2790 et
824 2734 870 2791 sui
884 2734 1013 2793 Rhodus

149 2820 225 2867 went
237 2821 267 2869 to
281 2812 409 2870 Rhodes.
619 2810 747 2868 confero.

110 2885 195 2963 They
209 2907 284 2947 were
294 2891 444 2968 unwilling
455 2887 487 2948 to
500 2909 538 2968 go
579 2890 691 2947 Domus
705 2907 777 2947 exeo
789 2891 866 2949 nolo.

149 2965 222 3023 from
236 2967 329 3025 home.

110 3042 177 3102 The
210 3062 291 3101 more
323 3045 444 3104 difficult
484 3066 538 3122 any
578 3045 642 3107 Qui
656 3046 720 3120 quis
733 3047 858 3106 difficilis
871 3067 947 3122 sum,
961 3050 1014 3108 hic

148 3122 232 3255 thirffi
246 3121 280 3192 is,
301 3121 350 3179 the
369 3141 449 3182 more
468 3126 538 3182 hon·
616 3125 779 3200 praeclirus.

150 3216 202 3256 ors
233 3215 258 3254 e.

523 3324 592 3364 atre.
