2209 3600
109 178 167 235 152
335 194 785 235 uxnnotsss—sunsuncmvrr.

446 345 501 391 See
515 345 674 393 452--472,

400 493 494 550 Latin
507 493 568 550 t'rtto
581 491 720 568 English.

148 624 217 683 Non
232 644 295 681 sum
309 624 350 680 ita
362 623 449 681 hebes
464 633 495 679 ut
510 622 584 679 istuo
598 622 702 679 dioarn.

148 703 363 780 Epaminondas
384 702 563 776 eloquentilt'²
578 700 712 776 perfecit,
727 710 759 758 ut
774 699 895 758 auxilio*
917 699 1013 758 sooit't·

108 802 172 839 rum
188 782 400 839 Laoedaemonii
414 782 601 857 privarentur.

148 862 239 918 Pavor
254 872 324 932 erat,
339 880 376 918 ne
390 870 483 917 castra
497 859 588 915 hostis
603 859 815 935 aggrederetur.

63 998 68 1007 ,
148 941 258 1017 Adjuta
271 959 327 1013 me,
342 937 398 1015 qud
413 939 442 996 id
454 939 502 995 fiat
517 937 639 995 facilius.

147 1018 230 1076 Nihil
245 1029 299 1091 est,
315 1019 383 1094 quin
398 1016 472 1074 male
487 1017 630 1073 narrando
640 1016 731 1091 possit
744 1015 902 1091 depravari.

148 1098 261 1156 Avertit
275 1116 373 1173 equos,
388 1097 553 1173 priusquam
567 1096 672 1170 pabula
686 1094 860 1171 gustassent⁶
874 1094 983 1170 Trojae.

147 1176 245 1255 Negat
258 1197 289 1235 se
300 1178 384 1248 soire,
400 1175 467 1232 crim
481 1183 577 1230 tamen
591 1174 667 1231 haud
683 1173 804 1250 ignoret.

148 1256 311 1328 Zenonem,
322 1274 409 1330 quum
419 1252 545 1310 Athenis
555 1271 658 1324 essem,
669 1252 822 1309 audiebam
837 1251 1011 1326 frequenter.

148 1336 245 1392 Caesar
260 1335 420 1410 equitatum
435 1350 550 1389 omnem
560 1332 719 1407 praemittit,
734 1330 783 1405 qui
797 1330 922 1403 videant,
940 1350 1013 1406 quas

107 1414 139 1471 in
152 1424 246 1489 partes
258 1414 311 1470 iter
326 1413 440 1469 faciant.

148 1493 248 1564 Erant,
263 1493 366 1568 quibus
382 1490 559 1567 appetentior
574 1489 670 1546 sarrrue‘l
684 1488 838 1545 videretur.

148 1572 290 1629 Caninius
301 1572 354 1628 fuit
372 1570 503 1627 mirificat
518 1564 688 1645 vigilantid‚‘
702 1566 750 1642 qui
765 1585 817 1623 suo
831 1576 893 1624 toto
907 1585 1014 1624 oonsu-

107 1649 184 1707 larus
197 1669 329 1707 somnum
343 1668 402 1707 non
415 1648 528 1705 viderit.

148 1730 245 1807 Negat
253 1729 314 1805 jus⁸
325 1748 398 1802 esse,
409 1728 457 1804 qui
469 1726 550 1784 miles
559 1744 617 1783 non
628 1725 675 1796 sit,
685 1732 829 1802 pugnaret
840 1743 908 1782 oum
918 1724 1012 1783 hoste.

219 1945 226 1960 -ι
398 1919 528 1994 English
541 1911 602 1976 litto
615 1918 718 1976 Latin.

107 2049 185 2106 How
209 2049 278 2106 does
302 2049 324 2107 it
344 2050 457 2125 happen
477 2047 539 2106 that
578 2049 641 2110 Qut
653 2048 701 2121 fio,
714 2057 746 2105 ut
756 2065 842 2105 nemo
857 2057 1014 2107 contentus

148 2146 186 2183 no
200 2147 255 2184 one
276 2128 346 2184 lives
361 2129 537 2186 contented'l
618 2128 705 2184 vivol
1024 2193 1035 2207 ν

109 2206 157 2264 He
186 2207 353 2264 commands
374 2207 538 2263 Volusenus
580 2205 756 2264 Volusenus*
783 2205 890 2262 mando
914 2207 1013 2277 utrad

147 2297 178 2344 to
191 2296 289 2343 return
303 2296 333 2342 to
347 2285 414 2342 him.
618 2283 662 2341 sui
683 2295 818 2342 revertor.
948 2277 956 2285 ’

109 2365 193 2423 Take
209 2384 275 2422 oare
289 2366 350 2422 that
365 2363 488 2441 nothing
501 2365 543 2421 be
578 2363 658 2420 Curo
673 2365 786 2440 nequis
799 2363 824 2420 is
840 2362 949 2421 desum.

147 2446 274 2522 wanting
287 2455 317 2501 to
331 2444 399 2500 him.

108 2523 198 2580 What
218 2525 254 2580 do
275 2519 333 2599 you
352 2523 422 2580 wish
440 2522 502 2579 that
522 2521 537 2578 I
557 2521 731 2582 “Quisvolo
746 2522 843 2579 saoiol

148 2602 251 2659 should
265 2604 322 2659 dol

109 2677 198 2754 Many
212 2681 309 2758 things
324 2700 371 2738 are
385 2680 420 2737 os
435 2680 538 2737 suoha
577 2678 689 2737 Multus
707 2699 752 2737 res
772 2699 836 2738 sum
856 2680 1011 2756 ejusmodi,

148 2758 219 2814 kind
243 2761 304 2818 that
330 2779 369 2816 no
402 2778 458 2816 one
482 2778 536 2816 can
617 2759 666 2835 qui
690 2762 782 2816 exitus
806 2777 892 2817 nemo
915 2759 1013 2833 provi·

148 2836 257 2894 foresee
270 2839 344 2896 their
355 2838 439 2896 issue.
618 2838 673 2894 deo
686 2857 812 2912 possum.

106 2914 138 2972 Is
164 2914 245 2971 there
270 2934 323 2989 any
341 2935 397 2974 one
423 2917 488 2973 who
512 2916 537 2973 is
578 2916 627 2971 An
668 2935 730 2972 sum
762 2918 922 2991 quisquam,
960 2916 1012 2992 qui

148 2993 281 3069 ignorant
296 2993 330 3049 of
338 2993 414 3052 thist
617 2991 675 3049 hiol
691 2994 817 3070 ignorol

150 3163 220 3204 asso.
294 3161 390 3200 cestu.
465 3165 531 3202 0375.
634 3163 678 3201 371.
891 3165 959 3207 5³91.

151 3213 219 3252 ttae.
295 3209 363 3248 (1³78.
458 3214 532 3260 f440.
605 3175 677 3251 lm.
696 3212 776 3263 supply
785 3225 835 3254 eun.
887 3215 952 3266 5³99
