2209 3600
287 190 508 229 wurmmcuou
529 189 592 228 uun
613 188 663 227 ms
685 190 751 228 cns.
912 173 969 231 179

48 330 281 406 praeripiebant.
323 327 427 403 Neque
441 328 582 384 rationem
603 327 753 404 quisquam
773 329 901 387 invenire
919 348 970 405 po·

48 410 116 466 tuit
154 406 352 498 opprimendi“
387 408 449 463 haec
484 406 627 477 animalia,
662 405 791 482 quamvis
822 408 969 484 ingent'm

49 484 407 595 pecuniaevimpraemio⁶
419 484 695 559 rexproposuisset.‘
736 485 830 543 Idubi
843 486 968 561 hosprtes

54 562 355 635 animadverterent,
369 563 430 639 regi
451 563 587 620 dixerunt
608 564 734 621 attulisse
755 563 829 621 sese
852 564 967 638 animal,

53 644 141 718 quod
157 663 256 701 mures
270 644 322 699 hos
338 644 372 699 ad
387 661 475 699 unum
490 660 591 698 omnes
605 641 689 698 facile
704 643 815 718 possets
828 643 934 701 delere.

100 801 129 857 4.
161 777 324 876 Apporta'tta
350 799 417 856 dein
438 798 502 856 selis
528 799 612 855 hem!
635 818 720 874 quam
744 810 867 876 stragem
888 800 968 859 dedit

57 880 211 935 murium!
232 889 296 954 post
310 874 482 935 semihoram
496 877 593 933 nullus
613 888 674 934 erat
688 878 717 934 in
738 888 799 935 toto
819 879 966 951 cubiculo,

59 976 151 1032 quern
173 955 302 1015 videres¹
318 957 474 1013 audiresve
514 955 586 1016 Qua
606 957 651 1013 re*
668 975 717 1013 rex
722 955 855 1031 perinde
876 977 909 1014 ac
931 959 968 1017 de

59 1044 155 1112 regno
172 1036 267 1110 aliquo
281 1036 388 1091 donato
399 1034 514 1111 gaudet,
528 1044 613 1109 atque
627 1035 712 1092 felem
723 1036 873 1092 ducenties
887 1036 967 1095 mille

61 1115 271 1189 imperialibusi
286 1114 365 1185 emit,
380 1114 474 1190 utqui
495 1123 579 1169 esset!
595 1133 680 1189 supra
700 1113 784 1171 fidem
806 1114 965 1188 opulentus.

60 1194 149 1253 Quo't
180 1193 257 1249 facto
285 1193 411 1248 domum¹
434 1201 528 1248 nautae
548 1196 782 1267 properaverunt.
823 1192 915 1253 Quod
941 1194 966 1251 si

25 1284 26 1287 ’
63 1278 208 1329 mercator
236 1271 285 1328 ille
313 1270 526 1341 Londiniensis‚
554 1270 746 1342 navarchuS,¹''
768 1271 967 1328 fraudulentus

65 1350 167 1407 fuisset
187 1361 215 1407 et
229 1350 315 1407 fallax
335 1350 431 1420 homo,
446 1366 507 1405 rern
521 1347 662 1420 omnem,”
677 1359 709 1407 ut
729 1359 810 1426 gesta
829 1360 899 1421 erat,
914 1349 967 1406 Ri-

66 1429 220 1484 chardum'‘
231 1426 375 1500 celasset,⁰
387 1447 543 1502 aurumque
554 1428 589 1483 ad
597 1447 665 1483 suos
675 1447 744 1484 usus
755 1428 964 1485 convertisset.⁰

68 1508 126 1563 Sed
153 1508 317 1581 probiorem
344 1515 393 1563 eo?
422 1507 569 1563 homiuem
596 1506 643 1562 vix
667 1506 846 1563 invenisses⁰
888 1505 967 1563 Nam

68 1586 151 1641 simul
173 1595 256 1661 atque
279 1585 418 1656 audierat,
433 1596 568 1660 quantam
588 1584 740 1659 pecuniam
761 1594 855 1642 uautae
876 1604 893 1641 e
910 1586 967 1642 fele

69 1663 226 1735 fecissent,d
240 1664 346 1739 puero*
361 1668 497 1721 arcessito
512 1682 571 1720 rem
587 1682 700 1720 omnem
717 1664 818 1738 aptent,
833 1664 967 1739 spondet·

69 1761 123 1818 que
137 1746 210 1799 sese‘
228 1761 327 1799 aurum
343 1742 397 1819 ipsi
408 1744 485 1820 justo
500 1739 642 1817 tempor&
657 1742 859 1799 redditurum?

107 1902 134 1957 5.
162 1901 249 1958 Jubet
263 1899 340 1958 eum'
356 1897 559 1957 mercaturam'
575 1900 686 1970 doceri,
707 1899 818 1957 etcum
830 1903 968 1977 pergeret

68 1999 139 2054 puer
158 1980 187 2036 in
208 1980 273 2050 fide,
290 1979 465 2049 assiduitate,
480 1987 509 2035 et
522 1978 707 2054 parsimonia,
721 1979 801 2036 dedit
821 1980 918 2036 adulto
938 1979 967 2037 ei

70 2058 165 2128 filiam,
180 2077 264 2132 quam
285 2059 410 2116 habebat
429 2077 526 2128 uuam,
548 2057 577 2113 in
598 2057 821 2130 matrimonium,
843 2077 967 2132 eumque
1050 2113 1055 2125 ,

72 2137 212 2193 decedens
236 2137 382 2195 heredern‘
404 2155 440 2193 ex
464 2155 526 2192 asse
546 2135 678 2194 instituit.
728 2136 825 2212 Atque
853 2136 893 2194 ita
912 2136 966 2193 Ri-

73 2215 192 2272 chardus
206 2215 371 2291 Vittington
385 2214 537 2272 facultates
552 2215 607 2271 sibi
622 2217 798 2290 computrivit
809 2214 893 2290 qudm
910 2233 967 2272 am·

72 2293 208 2368 piissimas
219 2294 264 2365 ed,
280 2313 365 2368 quarn
381 2293 531 2368 spueritid
551 2293 619 2350 inde
641 2294 811 2365 adamdrat,¹‘
828 2293 966 2368 parsimo·
1014 2348 1018 2355 ,

73 2373 128 2429 nid.
166 2373 237 2429 Fors
252 2372 367 2445 quidem
388 2370 443 2428 hac
464 2372 493 2428 in
514 2389 545 2428 re
565 2382 675 2446 partem
695 2373 772 2428 haud
792 2372 967 2429 levissimam

75 2451 125 2507 sibi
145 2450 281 2526 deposcit,
303 2468 396 2523 neque
416 2459 513 2506 tamen
533 2470 593 2506 non
612 2450 788 2525 parsimonia
807 2450 891 2525 pucri
912 2449 966 2506 suit

77 2532 178 2601 eorum,
202 2549 265 2604 quae
286 2533 454 2599 evenerunt,
476 2547 564 2586 causa
585 2528 685 2603 prima
726 2527 861 2602 Namque
880 2546 966 2584 nemo

77 2608 128 2664 nisi
138 2628 239 2710 parcus
253 2607 348 2678 felem,
363 2605 419 2680 qud
438 2609 547 2681 posset'
564 2607 633 2662 olim
654 2606 780 2663 vendere
794 2624 868 2677 eam,
884 2606 967 2663 aluis·

80 2696 134 2754 set;
138 2687 259 2762 ⁰neque
279 2685 459 2761 impetrasset
480 2684 552 2742 forte
583 2685 618 2741 ab
644 2685 724 2756 hero,
739 2684 795 2742 nisi
817 2683 883 2742 ante
904 2683 967 2759 ejus

26 2821 27 2830 ¹
80 2729 194 2820 faudrem
213 2764 390 2841 parsimonia
417 2763 469 2820 sud
497 2763 551 2820 sibi
573 2763 767 2834 conciliasset,
794 2769 966 2860 potestatem

81 2841 231 2899 feliculam¹⁰
246 2845 322 2901 hanc
335 2862 388 2926 pro
409 2842 462 2899 sud
482 2840 632 2899 habendif‘
670 2842 771 2918 Atque
791 2839 863 2900 aded
878 2853 966 2899 casus

81 2919 125 2978 ille
137 2926 336 2996 prosperrimus
349 2941 409 2979 non
423 2920 573 2979 evenisset.

104 3088 164 3128 atto.
226 3086 694 3138 ⁶419.r4as.m347.qtto.
829 3061 938 3134 ussdsssti'

104 3137 165 3178 0307.
220 3138 294 3186 sm.
351 3137 425 3190 j468.
488 3138 561 3178 91405.
624 3137 679 3175 rSu
707 3138 786 3186 iymt.
829 3135 904 3224 v&

25 3215 27 3226 ’
105 3189 165 3278 iiii
225 3187 298 3278 {9
356 3187 425 3276 tt}
487 3187 559 3288 iffi
623 3187 771 3276 {rafim
829 3195 848 3225 ⁰
